<?xml version="1.0" encoding="UTF-8"?><collection xmlns="http://www.loc.gov/MARC21/slim"><record><leader>00395nam--2200133-i-4500</leader><controlfield tag="001">000002591</controlfield><controlfield tag="002">20161230</controlfield><controlfield tag="005">20161230201025</controlfield><controlfield tag="008">060222s1000------------r-----000-0-eng-d</controlfield><datafield ind1=" " ind2=" " tag="100"><subfield code="a">Chabin,Michel</subfield></datafield><datafield ind1=" " ind2=" " tag="245"><subfield code="a">Contribution a l etude des domaines dans les c ristaux ferroelastiques de pb(po 4) 2 et de cspbcl 3 . these</subfield></datafield><datafield ind1=" " ind2=" " tag="260"><subfield code="a">Orleans</subfield></datafield><datafield ind1=" " ind2=" " tag="490"><subfield code="a">L  Universite, L98o. 155 P</subfield></datafield><datafield ind1=" " ind2=" " tag="852"><subfield code="a">548(043)</subfield></datafield></record></collection>